<?xml version="1.0" encoding="UTF-8"?>
<record xmlns="http://www.loc.gov/MARC21/slim" xmlns:xsi="http://www.w3.org/2001/XMLSchema-instance" xsi:schemaLocation="http://www.loc.gov/MARC21/slim http://www.loc.gov/standards/marcxml/schema/MARC21slim.xsd">
<leader>00000cam a22      a 4500</leader>
<controlfield tag="001">001677387</controlfield>
<controlfield tag="003">NNU</controlfield>
<controlfield tag="005">20150327160002.0</controlfield>
<controlfield tag="008">020607s1960    sy       b    000 0 ara d</controlfield>
<datafield tag="035" ind1=" " ind2=" ">
<subfield code="a">(OCoLC)85099604</subfield>
</datafield>
<datafield tag="040" ind1=" " ind2=" ">
<subfield code="a">CUD</subfield>
<subfield code="b">eng</subfield>
<subfield code="c">CUD</subfield>
<subfield code="d">OCLCG</subfield>
<subfield code="d">LGG</subfield>
<subfield code="d">OCLCA</subfield>
<subfield code="d">OCLCQ</subfield>
<subfield code="d">OCLCA</subfield>
<subfield code="d">OCLCF</subfield>
<subfield code="d">NNU</subfield>
</datafield>
<datafield tag="050" ind1=" " ind2="4">
<subfield code="a">BP80.S875</subfield>
<subfield code="b">N34 1960</subfield>
</datafield>
<datafield tag="100" ind1="1" ind2=" ">
<subfield code="6">880-01</subfield>
<subfield code="a">Nadwī, Riḍwān ʻAlī.</subfield>
</datafield>
<datafield tag="245" ind1="1" ind2="4">
<subfield code="6">880-02</subfield>
<subfield code="a">ʼAl-ʻIzz ibn ʻAbd ʼal-Salām :</subfield>
<subfield code="b">577-660 H /</subfield>
<subfield code="c">taʼlīf Riḍwān ʻAlī ʼal-Nadwī.</subfield>
</datafield>
<datafield tag="260" ind1=" " ind2=" ">
<subfield code="6">880-03</subfield>
<subfield code="a">Dimashq :</subfield>
<subfield code="b">Dār ʼal-Fikr,</subfield>
<subfield code="c">1960.</subfield>
</datafield>
<datafield tag="300" ind1=" " ind2=" ">
<subfield code="a">199 p. ;</subfield>
<subfield code="c">20 cm.</subfield>
</datafield>
<datafield tag="490" ind1="1" ind2=" ">
<subfield code="6">880-04</subfield>
<subfield code="a">Aʼimmat al-fikr al-Islāmī</subfield>
</datafield>
<datafield tag="504" ind1=" " ind2=" ">
<subfield code="a">Includes bibliographical references.</subfield>
</datafield>
<datafield tag="600" ind1="1" ind2="0">
<subfield code="6">880-05</subfield>
<subfield code="a">Sulamī, ʻIzz al-Dīn ʻAbd al-ʻAzīz ibn ʻAbd al-Salām,</subfield>
<subfield code="d">approximately 1182-1262.</subfield>
</datafield>
<datafield tag="600" ind1="1" ind2="7">
<subfield code="a">Sulamī, ʻIzz al-Dīn ʻAbd al-ʻAzīz ibn ʻAbd al-Salām,</subfield>
<subfield code="d">approximately 1182-1262.</subfield>
<subfield code="2">fast</subfield>
<subfield code="0">(OCoLC)fst01849690</subfield>
</datafield>
<datafield tag="880" ind1="1" ind2=" ">
<subfield code="6">100-01/</subfield>
<subfield code="a">ندوي، رضوان علي.</subfield>
</datafield>
<datafield tag="880" ind1="1" ind2="2">
<subfield code="6">245-02/</subfield>
<subfield code="a">العز بن عبد السلام /</subfield>
<subfield code="c">تأليف رضوان علي الندوي.</subfield>
</datafield>
<datafield tag="880" ind1=" " ind2=" ">
<subfield code="6">260-03/</subfield>
<subfield code="a">دمشق :</subfield>
<subfield code="b">دار الفكر،</subfield>
<subfield code="c">١٩٦٠.</subfield>
</datafield>
<datafield tag="880" ind1="1" ind2=" ">
<subfield code="6">490-04/</subfield>
<subfield code="a">أئمة الفكر الإسلامي</subfield>
</datafield>
<datafield tag="880" ind1="1" ind2="4">
<subfield code="6">600-05/</subfield>
<subfield code="a">سلمي، عز الدين عبد العزيز بن عبد السلام.</subfield>
</datafield>
<datafield tag="830" ind1=" " ind2="0">
<subfield code="6">880-06</subfield>
<subfield code="a">Aʼimmat al-fikr al-Islāmī.</subfield>
</datafield>
<datafield tag="880" ind1=" " ind2="0">
<subfield code="6">830-06/</subfield>
<subfield code="a">ائمة الفكر الاسلامي.</subfield>
</datafield>
<datafield tag="OWN" ind1=" " ind2=" ">
<subfield code="a">GENERAL</subfield>
</datafield>
<datafield tag="AVA" ind1=" " ind2=" ">
<subfield code="a">NYU50</subfield>
<subfield code="b">BOBST</subfield>
<subfield code="c">Main Collection</subfield>
<subfield code="d">BP80.S92 N3 1960</subfield>
<subfield code="e">unavailable</subfield>
<subfield code="t">Unavailable</subfield>
<subfield code="f">1</subfield>
<subfield code="g">1</subfield>
<subfield code="h">N</subfield>
<subfield code="i">0</subfield>
<subfield code="j">MAIN</subfield>
<subfield code="k">0</subfield>
</datafield>
</record>
